@article{Kriegeskorte_2012,
  doi = {10.3389/fncom.2012.00079},
  url = {http://dx.doi.org/10.3389/fncom.2012.00079},
  year = {2012},
  publisher = {Frontiers Media {SA}},
  volume = {6},
  author = {Nikolaus Kriegeskorte},
  title = {{Open Evaluation: A Vision for Entirely Transparent Post-Publication Peer Review and Rating for Science}},
  journal = {Frontiers in Computational Neuroscience},
}


@article{Ware_2011,
  doi = {10.1080/13614576.2011.566812},
  url = {http://dx.doi.org/10.1080/13614576.2011.566812},
  year = {2011},
  month = {may},
  publisher = {Informa {UK} Limited},
  volume = {16},
  number = {1},
  pages = {23--53},
  author = {Mark Ware},
  title = {{Peer Review: Recent Experience and Future Directions}},
  journal = {New Review of Information Networking},
}
